@article{Shiloach,
 author = {Shiloach, Yossi and Even, Shimon},
 title = {An On-Line Edge-Deletion Problem},
 journal = {J. ACM},
 issue_date = {Jan. 1981},
 volume = {28},
 number = {1},
 month = jan,
 year = {1981},
 issn = {0004-5411},
 pages = {1--4},
 numpages = {4},
 url = {http://doi.acm.org/10.1145/322234.322235},
 doi = {10.1145/322234.322235},
 acmid = {322235},
 publisher = {ACM},
 address = {New York, NY, USA},
} 

@article{ALSTRUP1997161,
title = "Optimal on-line decremental connectivity in trees",
journal = "Information Processing Letters",
volume = "64",
number = "4",
pages = "161 - 164",
year = "1997",
issn = "0020-0190",
doi = "https://doi.org/10.1016/S0020-0190(97)00170-1",
url = "http://www.sciencedirect.com/science/article/pii/S0020019097001701",
author = "Stephen Alstrup and Jens Peter Secher and Maz Spork",
keywords = "Algorithms, Trees and connectivity"
}







@article{Frederickson,
author = {Greg N. Frederickson},
title = {Data Structures for On-Line Updating of Minimum Spanning Trees, with Applications},
journal = {SIAM Journal on Computing},
volume = {14},
number = {4},
pages = {781-798},
year = {1985},
doi = {10.1137/0214055},

URL = { 
        https://doi.org/10.1137/0214055
    
},
eprint = { 
        https://doi.org/10.1137/0214055
    
}

}

@misc{BilleSlides,
    author={Philip Bille},
    title = {Algorithms for Massive Datasets: Decremental Connectivity in Trees},
    howpublished = {\url{https://massivedatasets.files.wordpress.com/2011/02/decrementalconnectivitytrees_2011.pdf}}
}

